<record><leader>00000cas a22000007a 4500</leader><controlfield tag="001">29973985</controlfield><controlfield tag="008">940316d185u1854nyuwr ne      0    0eng d</controlfield><datafield ind1=" " ind2=" " tag="010"><subfield code="a">sn 94057718 </subfield></datafield><datafield ind1=" " ind2=" " tag="040"><subfield code="a">NYS</subfield><subfield code="b">eng</subfield><subfield code="c">NYS</subfield><subfield code="d">NVF</subfield><subfield code="d">OCL</subfield><subfield code="d">OCLCQ</subfield><subfield code="d">OCLCF</subfield><subfield code="d">OCLCO</subfield></datafield><datafield ind1="1" ind2=" " tag="029"><subfield code="a">AU@</subfield><subfield code="b">000010930707</subfield></datafield><datafield ind1=" " ind2=" " tag="042"><subfield code="a">msc</subfield></datafield><datafield ind1=" " ind2=" " tag="043"><subfield code="a">n-us-ny</subfield></datafield><datafield ind1="0" ind2=" " tag="130"><subfield code="a">Jeffersonian (Watertown, N.Y. : 1853)</subfield></datafield><datafield ind1="1" ind2="4" tag="245"><subfield code="a">The Jeffersonian.</subfield></datafield><datafield ind1=" " ind2=" " tag="260"><subfield code="a">Watertown, N.Y. :</subfield><subfield code="b">A. Hunt &amp; J.C. Hutch</subfield></datafield><datafield ind1=" " ind2=" " tag="300"><subfield code="a">v.</subfield></datafield><datafield ind1=" " ind2=" " tag="310"><subfield code="a">Weekly</subfield></datafield><datafield ind1="1" ind2=" " tag="362"><subfield code="a">Ceased in 1854.</subfield><subfield code="z">Cf. Watertown re-union, Sept. 7, 1876.</subfield></datafield><datafield ind1=" " ind2=" " tag="500"><subfield code="a">Published by: A. Hunt &amp; J.W. Tamblin, &lt;Dec. 1853&gt;; and by: C. &amp; E. Comstock, &lt;Sept. 1854&gt;.</subfield></datafield><datafield ind1=" " ind2=" " tag="588"><subfield code="a">Description based on: Vol. 16, no. 12 (Mar. 24, 1853).</subfield></datafield><datafield ind1=" " ind2=" " tag="588"><subfield code="a">Latest issue consulted: Vol. 17, no. 38 (Sept. 21, 1854).</subfield></datafield><datafield ind1=" " ind2="0" tag="651"><subfield code="a">Watertown (N.Y.)</subfield><subfield code="v">Newspapers.</subfield></datafield><datafield ind1=" " ind2="0" tag="651"><subfield code="a">Jefferson County (N.Y.)</subfield><subfield code="v">Newspapers.</subfield></datafield><datafield ind1=" " ind2="7" tag="655"><subfield code="a">Newspapers.</subfield><subfield code="2">fast</subfield><subfield code="0">(OCoLC)fst01423814</subfield></datafield><datafield ind1=" " ind2="7" tag="651"><subfield code="a">New York (State)</subfield><subfield code="z">Jefferson County.</subfield><subfield code="2">fast</subfield><subfield code="0">(OCoLC)fst01209430</subfield></datafield><datafield ind1=" " ind2="7" tag="651"><subfield code="a">New York (State)</subfield><subfield code="z">Watertown.</subfield><subfield code="2">fast</subfield><subfield code="0">(OCoLC)fst01221269</subfield></datafield><datafield ind1=" " ind2=" " tag="752"><subfield code="a">United States</subfield><subfield code="b">New York</subfield><subfield code="c">Jefferson</subfield><subfield code="d">Watertown.</subfield></datafield><datafield ind1="0" ind2="0" tag="780"><subfield code="t">Watertown Jeffersonian (Watertown, N.Y. : 1846)</subfield><subfield code="w">(DLC)sn 85054374</subfield><subfield code="w">(OCoLC)11874665</subfield></datafield><datafield ind1="0" ind2="7" tag="785"><subfield code="t">Democratic union (Watertown, N.Y.)</subfield><subfield code="w">(DLC)sn 85054243</subfield><subfield code="w">(OCoLC)11753245</subfield></datafield><datafield ind1="0" ind2="7" tag="785"><subfield code="t">Jefferson union</subfield><subfield code="w">(DLC)sn 94057719</subfield><subfield code="w">(OCoLC)29974349</subfield></datafield></record>